<?xml version="1.0" encoding="UTF-8"?><collection xmlns="http://www.loc.gov/MARC21/slim"><record><leader>00395nam--2200133-i-4500</leader><controlfield tag="001">000007908</controlfield><controlfield tag="002">20161230</controlfield><controlfield tag="005">20161230201027</controlfield><controlfield tag="008">060222s1000------------r-----000-0-eng-d</controlfield><datafield ind1=" " ind2=" " tag="080"><subfield code="a">621.039.577</subfield></datafield><datafield ind1=" " ind2=" " tag="245"><subfield code="a">The eleventh aecl symposium on atomic power held at toronto, ontario, october 13-14, 1966</subfield></datafield><datafield ind1=" " ind2=" " tag="260"><subfield code="a">Chalk River, Atomic Energy Of Canada Ltd., 1966 133p</subfield></datafield><datafield ind1=" " ind2=" " tag="490"><subfield code="a">2486</subfield></datafield><datafield ind1=" " ind2=" " tag="852"><subfield code="a">25560</subfield></datafield></record></collection>